% use \citeDir{REFERENCIA} para fazer a citação no formato AUTOR (ANO)

% Sensoriamento Remoto e HSI - Introdução
@article{lary2016machine,
  title={Machine learning in geosciences and remote sensing},
  author={Lary, David J and Alavi, Amir H and Gandomi, Amir H and Walker, Annette L},
  journal={Geoscience Frontiers},
  year={2016},
  publisher={Elsevier}
}

@article{plaza2009recent,
  title={Recent advances in techniques for hyperspectral image processing},
  author={Plaza, Antonio and Benediktsson, Jon Atli and Boardman, Joseph W and Brazile, Jason and Bruzzone, Lorenzo and Camps-Valls, Gustavo and Chanussot, Jocelyn and Fauvel, Mathieu and Gamba, Paolo and Gualtieri, Anthony J and others},
  journal={Remote Sensing of Environment},
  year={2009},
  publisher={Elsevier}
}

@article{xia2015random,
  title={Random subspace ensembles for hyperspectral image classification with extended morphological attribute profiles},
  author={Xia, Junshi and Mura, Mauro Dalla and Chanussot, Jocelyn and Du, Peijun and He, Xiangyun},
  journal={IEEE Transactions on Geoscience and Remote Sensing},
  year={2015},
  publisher={IEEE}
}

@article{bera2020analysis,
  title={Analysis of various optimizers on deep convolutional neural network model in the application of hyperspectral remote sensing image classification},
  author={Bera, Somenath and Shrivastava, Vimal K},
  journal={International Journal of Remote Sensing},
  year={2020},
  publisher={Taylor \& Francis}
}

@article{lu2020deep,
  title={Deep learning for hyperspectral image classification: A review},
  author={Lu, Zhiyuan and Xu, Qiuchen and Li, Yanfeng and others},
  journal={Remote Sensing},
  year={2020},
  publisher={MDPI}
}

@article{li2015local,
  title={Local binary patterns and extreme learning machine for hyperspectral imagery classification},
  author={Li, Wei and Chen, Chen and Su, Hongjun and Du, Qian},
  journal={IEEE Transactions on Geoscience and Remote Sensing},
  year={2015},
  publisher={IEEE}
}

% Machine Learning e Deep Learning
@article{cheng2018deep,
  title={Deep learning for hyperspectral image classification: An overview},
  author={Cheng, Gong and Li, Zhenpeng and Han, Junwei and Yao, Xiwen and Guo, Lei},
  journal={IEEE Transactions on Geoscience and Remote Sensing},
  year={2018},
  publisher={IEEE}
}

@article{li2019deep,
  title={Deep learning for hyperspectral image classification: An overview},
  author={Li, Shutao and Song, Weiwei and Fang, Leyuan and Chen, Yushi and Ghamisi, Pedram and Benediktsson, Jon Atli},
  journal={IEEE Transactions on Geoscience and Remote Sensing},
  year={2019},
  publisher={IEEE}
}

% CNNs e Arquiteturas Principais
@article{viel2023hyperspectral,
  title={Hyperspectral image classification: An analysis employing CNN, LSTM, transformer, and attention mechanism},
  author={Viel, Felipe and Rosso, Otávio Augusto Bizetto and Liesenberg, Veraldo and others},
  year={2023},
  publisher={IEEE}
}

@article{roy2020hybridsn,
  title={HybridSN: Exploring 3D-2D CNN feature hierarchy for hyperspectral image classification},
  author={Roy, Swalpa Kumar and Krishna, Gopal and Dubey, Shiv Ram and Chaudhuri, Bidyut Baran},
  journal={IEEE Geoscience and Remote Sensing Letters},
  year={2020},
  publisher={IEEE}
}

@inproceedings{ravikumar2022hyperspectral,
  title={Hyperspectral image classification using deep matrix capsules},
  author={Ravikumar, Akshatha and Gorade, Vaibhav and Pawar, Jyoti and others},
  booktitle={2022 International Conference on Data Science, Agents \& Artificial Intelligence (ICDSAAI)},
  year={2022},
  organization={IEEE}
}

@article{paoletti2019deep,
  title={Deep learning classifiers for hyperspectral imaging: A review},
  author={Paoletti, M E and Haut, J M and Plaza, J and Plaza, A},
  journal={ISPRS Journal of Photogrammetry and Remote Sensing},
  year={2019},
  publisher={Elsevier}
}

% Segmentação e Superpixels
@article{subudhi2021survey,
  title={A Survey on Superpixel Segmentation as a Preprocessing Step in Hyperspectral Image Analysis},
  author={Subudhi, Subhashree and Patro, Ram Narayan and Biswal, Pradyut Kumar and Dell'acqua, Fabio},
  journal={IEEE Journal of Selected Topics in Applied Earth Observations and Remote Sensing},
  year={2021},
  publisher={IEEE}
}

@article{zheng2019sparse,
  title={Sparse unmixing for hyperspectral image with nonlocal low-rank prior},
  author={Zheng, Yang and Wu, Fang and Shim, Hyunjin and Sun, Le},
  journal={Remote Sensing},
  year={2019},
  publisher={MDPI}
}

@article{yuan2020watershed,
  title={Watershed-based superpixels with global and local boundary marching},
  author={Yuan, Yuhui and Fang, Jianwu and Wang, Qingshan},
  journal={IEEE Transactions on Image Processing},
  year={2020},
  publisher={IEEE}
}

% Algoritmos de Segmentação Específicos
@article{achanta2012slic,
  title={SLIC superpixels compared to state-of-the-art superpixel methods},
  author={Achanta, Radhakrishna and Shaji, Appu and Smith, Kevin and Lucchi, Aurelien and Fua, Pascal and Süsstrunk, Sabine},
  journal={IEEE Transactions on Pattern Analysis and Machine Intelligence},
  year={2012},
  publisher={IEEE}
}

% Trabalhos Relacionados - Fusão Espacial-Espectral
@article{chen2014deep,
  title={Deep learning-based classification of hyperspectral data},
  author={Chen, Yushi and Lin, Zhouhan and Zhao, Xing and Wang, Gang and Gu, Yanfeng},
  journal={IEEE Journal of Selected Topics in Applied Earth Observations and Remote Sensing},
  year={2014},
  publisher={IEEE}
}

@article{hong2020object,
  title={Object-oriented multiscale deep features for hyperspectral image classification},
  author={Hong, Danfeng and Zhang, Liangpei},
  journal={Remote Sensing},
  year={2020},
  publisher={MDPI}
}

@article{liu2015hyperspectral,
  title={Hyperspectral classification via deep networks and superpixel segmentation},
  author={Liu, Yue and Zhou, Qingquan and Liu, Jian and Hou, Xianxiang and Li, Guangliang and others},
  journal={International Journal of Remote Sensing},
  year={2015},
  publisher={Taylor \& Francis}
}

@article{liu2019multiscale,
  title={Multiscale deep spatial-spectral feature learning for hyperspectral image classification},
  author={Liu, Bing and Yu, Xuchu and Zhang, Pengqiang and others},
  journal={IEEE Journal of Selected Topics in Applied Earth Observations and Remote Sensing},
  year={2019},
  publisher={IEEE}
}

@article{jia2018local,
  title={Local binary pattern-based hyperspectral image classification with superpixel guidance},
  author={Jia, Sen and Deng, Boyi and Zhu, Jie and Jia, Xiuping and Li, Qingquan},
  journal={IEEE Transactions on Geoscience and Remote Sensing},
  year={2018},
  publisher={IEEE}
}

% Fundamentos de HSI e Processamento Digital
@book{jensen2016introductory,
  title={Introductory Digital Image Processing: A Remote Sensing Perspective},
  author={Jensen, John R},
  year={2016},
  publisher={Pearson Education}
}

@article{bioucas2013hyperspectral,
  title={Hyperspectral unmixing overview: Geometrical, statistical, and sparse regression-based approaches},
  author={Bioucas-Dias, José M and Plaza, Antonio and Dobigeon, Nicolas and Parente, Mario and Du, Qian and Gader, Paul and Chanussot, Jocelyn},
  journal={IEEE Journal of Selected Topics in Applied Earth Observations and Remote Sensing},
  year={2013},
  publisher={IEEE}
}

@article{hong2024spectral,
  title={SpectralGPT: Spectral remote sensing foundation model},
  author={Hong, Danfeng and Zhang, Bing and Li, Xuyang and Li, Yuxuan and Li, Chenyu and Yao, Jing and Yokoya, Naoto and Li, Hengchao and Ghamisi, Pedram and Jia, Xiuping and others},
  journal={IEEE Transactions on Pattern Analysis and Machine Intelligence},
  year={2024},
  publisher={IEEE}
}

% Livros Fundamentais
@book{gonzalez2018digital,
  title={Digital Image Processing},
  author={Gonzalez, Rafael C and Woods, Richard E},
  year={2018},
  publisher={Pearson}
}

@book{goodfellow2016deep,
  title={Deep Learning},
  author={Goodfellow, Ian and Bengio, Yoshua and Courville, Aaron},
  year={2016},
  publisher={MIT Press}
}

% Trabalhos Recentes Verificados
@article{deng2024rustqnet,
  title={RustQNet: Multimodal deep learning for quantitative inversion of wheat stripe rust disease index},
  author={Deng, Jie and Hong, Danfeng and Li, Chenyu and Yao, Jing and Yang, Ziqian and Zhang, Zhijian and Chanussot, Jocelyn},
  journal={Computers and Electronics in Agriculture},
  year={2024},
  publisher={Elsevier}
}

% Otimização
@article{kingma2014adam,
  title={Adam: A method for stochastic optimization},
  author={Kingma, Diederik P and Ba, Jimmy},
  journal={arXiv preprint arXiv:1412.6980},
  year={2014}
}

% Métricas de Avaliação
@article{cohen1960coefficient,
  title={A coefficient of agreement for nominal scales},
  author={Cohen, Jacob},
  journal={Educational and Psychological Measurement},
  year={1960},
  publisher={Sage Publications}
}

@article{foody2002status,
  title={Status of land cover classification accuracy assessment},
  author={Foody, Giles M},
  journal={Remote Sensing of Environment},
  year={2002},
  publisher={Elsevier}
}

% Classificadores e Métodos de ML
@article{ham2005investigation,
  title={Investigation of the random forest framework for classification of hyperspectral data},
  author={Ham, Jihoon and Chen, Yangchi and Crawford, Melba M and Ghosh, Joydeep},
  journal={IEEE Transactions on Geoscience and Remote Sensing},
  year={2005},
  publisher={IEEE}
}

@article{camps2005kernel,
  title={Kernel-based methods for hyperspectral image classification},
  author={Camps-Valls, Gustavo and Bruzzone, Lorenzo},
  journal={IEEE Transactions on Geoscience and Remote Sensing},
  year={2005},
  publisher={IEEE}
}

% Deep Learning Fundamentals
@article{lecun2015deep,
  title={Deep learning},
  author={LeCun, Yann and Bengio, Yoshua and Hinton, Geoffrey},
  journal={Nature},
  year={2015},
  publisher={Nature Publishing Group}
}

@article{bengio2013representation,
  title={Representation learning: A review and new perspectives},
  author={Bengio, Yoshua and Courville, Aaron and Vincent, Pascal},
  journal={IEEE Transactions on Pattern Analysis and Machine Intelligence},
  year={2013},
  publisher={IEEE}
}

% Processamento de Imagens Fundamentais
@article{fauvel2009kernel,
  title={Kernel principal component analysis for the classification of hyperspectral remote sensing data over urban areas},
  author={Fauvel, Mathieu and Chanussot, Jocelyn and Benediktsson, Jon Atli},
  journal={EURASIP Journal on Advances in Signal Processing},
  year={2009},
  publisher={Hindawi}
}

@article{hyvarinen2000independent,
  title={Independent component analysis: algorithms and applications},
  author={Hyvärinen, Aapo and Oja, Erkki},
  journal={Neural Networks},
  year={2000},
  publisher={Elsevier}
}

% Validação Cruzada
@article{congalton1991review,
  title={A review of assessing the accuracy of classifications of remotely sensed data},
  author={Congalton, Russell G},
  journal={Remote Sensing of Environment},
  year={1991},
  publisher={Elsevier}
}

% Aplicações em Agricultura
@article{thenkabail2000hyperspectral,
  title={Hyperspectral vegetation indices and their relationships with agricultural crop characteristics},
  author={Thenkabail, Prasad S and Smith, Robb B and De Pauw, Eddy},
  journal={Remote Sensing of Environment},
  year={2000},
  publisher={Elsevier}
}

% Morfologia Matemática
@article{pesaresi2001new,
  title={A new approach for the morphological segmentation of high-resolution satellite imagery},
  author={Pesaresi, Martino and Benediktsson, Jon Atli},
  journal={IEEE Transactions on Geoscience and Remote Sensing},
  year={2001},
  publisher={IEEE}
}

% Análise de Componentes Principais
@book{richards2006remote,
  title={Remote Sensing Digital Image Analysis},
  author={Richards, John A},
  year={2006},
  publisher={Springer}
}

% Seleção de Características
@article{guo2006band,
  title={Band selection for hyperspectral image classification using mutual information},
  author={Guo, Baolong and Gunn, Steve R and Damper, Robert I and Nelson, James DB},
  journal={IEEE Geoscience and Remote Sensing Letters},
  year={2006},
  publisher={IEEE}
}

% Datasets e Benchmarks
@article{adams1986imaging,
  title={Imaging spectroscopy: Earth and planetary remote sensing with the USGS Tetracorder and expert systems},
  author={Adams, John B and Smith, Milton O and Johnson, Phyllis E},
  journal={Journal of Geophysical Research: Solid Earth},
  year={1986},
  publisher={Wiley Online Library}
}

% Sparse Representation
@article{song2013sparse,
  title={Sparse coding for hyperspectral image classification},
  author={Song, Bing and Li, Jun and Dalla Mura, Mauro and Li, Pingxiang and Plaza, Antonio and Bioucas-Dias, José M and Benediktsson, Jon Atli and Chanussot, Jocelyn},
  journal={IEEE Geoscience and Remote Sensing Letters},
  year={2013},
  publisher={IEEE}
}

% Computer Vision
@article{krizhevsky2017imagenet,
  title={ImageNet classification with deep convolutional neural networks},
  author={Krizhevsky, Alex and Sutskever, Ilya and Hinton, Geoffrey E},
  journal={Communications of the ACM},
  year={2017},
  publisher={ACM}
}

% Processamento Paralelo
@article{bottou2010large,
  title={Large-scale machine learning with stochastic gradient descent},
  author={Bottou, Léon},
  journal={Proceedings of COMPSTAT'2010},
  year={2010},
  publisher={Springer}
}

% Visualização de Dados
@article{maaten2008visualizing,
  title={Visualizing data using t-SNE},
  author={Van der Maaten, Laurens and Hinton, Geoffrey},
  journal={Journal of Machine Learning Research},
  year={2008}
}

% Ensemble Methods
@article{li2013generalized,
  title={Generalized composite kernel framework for hyperspectral image classification},
  author={Li, Jun and Bioucas-Dias, José M and Plaza, Antonio},
  journal={IEEE Transactions on Geoscience and Remote Sensing},
  year={2013},
  publisher={IEEE}
}

% Semi-supervised Learning
@article{ratle2010semisupervised,
  title={Semisupervised neural networks for efficient hyperspectral image classification},
  author={Ratle, Frédéric and Camps-Valls, Gustavo and Weston, Jason},
  journal={IEEE Transactions on Geoscience and Remote Sensing},
  year={2010},
  publisher={IEEE}
}

% Conditional Random Fields
@article{zhong2010conditional,
  title={Conditional random fields for hyperspectral image classification},
  author={Zhong, Ping and Wang, Runsheng},
  journal={IEEE Transactions on Geoscience and Remote Sensing},
  year={2010},
  publisher={IEEE}
}

% Support Vector Machines
@article{marconcini2009support,
  title={Support vector machines for classification of hyperspectral remote-sensing images},
  author={Marconcini, Mattia and Camps-Valls, Gustavo and Bruzzone, Lorenzo},
  journal={IEEE Geoscience and Remote Sensing Letters},
  year={2009},
  publisher={IEEE}
}